@article{BrendanMcMahan2017,
    title = {{Communication-efficient learning of deep networks from decentralized data}},
    year = {2017},
    journal = {Proceedings of the 20th International Conference on Artificial Intelligence and Statistics, AISTATS 2017},
    author = {Brendan McMahan, H. and Moore, Eider and Ramage, Daniel and Hampson, Seth and Ag{\"{u}}era y Arcas, Blaise},
    pages = {11},
    volume = {54},
    url = {https://arxiv.org/pdf/1602.05629.pdf},
    arxivId = {1602.05629}
}

@article{Xu2021,
    title = {{Federated Learning for Healthcare Informatics}},
    year = {2021},
    journal = {Journal of Healthcare Informatics Research},
    author = {Xu, Jie and Glicksberg, Benjamin S. and Su, Chang and Walker, Peter and Bian, Jiang and Wang, Fei},
    number = {1},
    month = {3},
    pages = {1--19},
    volume = {5},
    publisher = {Springer Science and Business Media Deutschland GmbH},
    url = {https://doi.org/10.1007/s41666-020-00082-4},
    doi = {10.1007/s41666-020-00082-4},
    issn = {2509498X},
    arxivId = {1911.06270},
    keywords = {Federated learning, Healthcare, Privacy}
}

@inproceedings{NIPS2012_c399862d,
    title = {{ImageNet Classification with Deep Convolutional Neural Networks}},
    year = {2012},
    booktitle = {Advances in Neural Information Processing Systems},
    author = {Krizhevsky, Alex and Sutskever, Ilya and Hinton, Geoffrey E},
    editor = {Pereira, F and Burges, C J C and Bottou, L and Weinberger, K Q},
    volume = {25},
    publisher = {Curran Associates, Inc.},
    url = {https://proceedings.neurips.cc/paper/2012/file/c399862d3b9d6b76c8436e924a68c45b-Paper.pdf}
}

@article{LeCunYannandCortesCorinnaandBurges2010,
    title = {{MNIST handwritten digit database}},
    year = {2010},
    journal = {ATT Labs [Online]. Available: http://yann.lecun.com/exdb/mnist},
    author = {LeCun, Yann and Cortes, Corinna and Burges, CJ},
    volume = {2}
}

@article{Xu2020ADiagnosis,
    title = {{A collaborative online AI engine for CT-based COVID-19 diagnosis}},
    year = {2020},
    journal = {medRxiv preprint},
    author = {Xu, Yongchao and Ma, Liya and Yang, Fan and Chen, Yanyan and Ma, Ke and Yang, Jiehua and Yang, Xian and Chen, Yaobing and Shu, Chang and Fan, Ziwei and Gan, Jiefeng and Zou, Xinyu and Huang, Renhao and Zhang, Changzheng and Liu, Xiaowu and Tu, Dandan and Xu, Chuou and Zhang, Wenqing and Yang, Dehua and Wang, Ming Wei and Wang, Xi and Xie, Xiaoliang and Leng, Hongxiang and Holalkere, Nagaraj and Halin, Neil J. and Kamel, Ihab Roushdy and Wu, Jia and Peng, Xuehua and Wang, Xiang and Shao, Jianbo and Mongkolwat, Pattanasak and Zhang, Jianjun and Rubin, Daniel L. and Wang, Guoping and Zheng, Chuangsheng and Li, Zhen and Bai, Xiang and Xia, Tian},
    month = {5},
    publisher = {medRxiv},
    url = {https://pubmed.ncbi.nlm.nih.gov/32511484/},
    doi = {10.1101/2020.05.10.20096073},
    keywords = {Liya Ma, MEDLINE, NCBI, NIH, NLM, National Center for Biotechnology Information, National Institutes of Health, National Library of Medicine, PMC7273252, Preprint, PubMed Abstract, Tian Xia, Yongchao Xu, doi:10.1101/2020.05.10.20096073, pmid:32511484}
}

@article{Scardapane2017ANetworks,
    title = {{A framework for parallel and distributed training of neural networks}},
    year = {2017},
    journal = {Neural Networks},
    author = {Scardapane, Simone and Di Lorenzo, Paolo},
    month = {7},
    pages = {42--54},
    volume = {91},
    publisher = {Elsevier Ltd},
    url = {https://pubmed.ncbi.nlm.nih.gov/28478372/},
    doi = {10.1016/j.neunet.2017.04.004},
    issn = {18792782},
    pmid = {28478372},
    arxivId = {1610.07448},
    keywords = {Distributed learning, Networks, Neural network, Parallel computing}
}

@misc{Ryffel2018ALearning,
    title = {{A generic framework for privacy preserving deep learning}},
    year = {2018},
    booktitle = {arXiv},
    author = {Ryffel, Théo and Trask, Andrew and Dahl, Morten and Wagner, Bobby and Mancuso, Jason and Rueckert, Daniel and Passerat-Palmbach, Jonathan},
    month = {11},
    publisher = {arXiv},
    url = {http://arxiv.org/abs/1811.04017},
    issn = {23318422},
    arxivId = {1811.04017}
}

@misc{Esteva2019AHealthcare,
    title = {{A guide to deep learning in healthcare}},
    year = {2019},
    booktitle = {Nature Medicine},
    author = {Esteva, Andre and Robicquet, Alexandre and Ramsundar, Bharath and Kuleshov, Volodymyr and DePristo, Mark and Chou, Katherine and Cui, Claire and Corrado, Greg and Thrun, Sebastian and Dean, Jeff},
    number = {1},
    month = {1},
    pages = {24--29},
    volume = {25},
    publisher = {Nature Publishing Group},
    url = {https://doi.org/10.1038/s41591-018-0316-z},
    doi = {10.1038/s41591-018-0316-z},
    issn = {1546170X},
    pmid = {30617335},
    keywords = {Bioinformatics, Health care, Machine learning}
}

@article{Jadon2020ASegmentation,
    title = {{A survey of loss functions for semantic segmentation}},
    year = {2020},
    author = {Jadon, Shruti},
    url = {https://github.com/shruti-jadon/ http://arxiv.org/abs/2006.14822},
    isbn = {9781728194684},
    arxivId = {2006.14822},
    keywords = {Deep Learning, Healthcare, Image Segmentation, Index Terms-Computer Vision, Loss Function, Medical Image, Optimization, Skull Stripping}
}

@article{Litjens2017AAnalysis,
    title = {{A survey on deep learning in medical image analysis}},
    year = {2017},
    journal = {Medical Image Analysis},
    author = {Litjens, Geert and Kooi, Thijs and Bejnordi, Babak Ehteshami and Setio, Arnaud Arindra Adiyoso and Ciompi, Francesco and Ghafoorian, Mohsen and van der Laak, Jeroen A.W.M. and van Ginneken, Bram and S{\'{a}}nchez, Clara I.},
    number = {1995},
    pages = {60--88},
    volume = {42},
    doi = {10.1016/j.media.2017.07.005},
    issn = {13618423},
    pmid = {28778026},
    arxivId = {1702.05747},
    keywords = {Convolutional neural networks, Deep learning, Medical imaging, Survey}
}

@article{Li2019AProtection,
    title = {{A Survey on Federated Learning Systems: Vision, Hype and Reality for Data Privacy and Protection}},
    year = {2019},
    journal = {arXiv},
    author = {Li, Qinbin and Wen, Zeyi and Wu, Zhaomin and Hu, Sixu and Wang, Naibo and Li, Yuan and Liu, Xu and He, Bingsheng},
    month = {7},
    url = {http://arxiv.org/abs/1907.09693},
    arxivId = {1907.09693}
}

@article{Acar2018AImplementation,
    title = {{A survey on homomorphic encryption schemes: Theory and implementation}},
    year = {2018},
    journal = {ACM Computing Surveys},
    author = {Acar, Abbas and Aksu, Hidayet and Uluagac, A. Selcuk and Conti, Mauro},
    number = {4},
    month = {7},
    pages = {1--35},
    volume = {51},
    publisher = {Association for Computing Machinery},
    url = {https://doi.org/10.1145/3214303},
    doi = {10.1145/3214303},
    issn = {15577341},
    arxivId = {1704.03578},
    keywords = {FHE, FHE implementation, FHE survey, Fully homomorphic encryption, Homomorphic encryption, PHE, Partially homomorphic encryption, SWHE, Somewhat homomorphic encryption}
}

@article{VanPanhuis2014AHealth,
    title = {{A systematic review of barriers to data sharing in public health}},
    year = {2014},
    journal = {BMC Public Health},
    author = {Van Panhuis, Willem G. and Paul, Proma and Emerson, Claudia and Grefenstette, John and Wilder, Richard and Herbst, Abraham J and Heymann, David and Burke, Donald S},
    number = {1},
    month = {12},
    pages = {1144},
    volume = {14},
    publisher = {BioMed Central Ltd.},
    url = {https://bmcpublichealth.biomedcentral.com/articles/10.1186/1471-2458-14-1144},
    doi = {10.1186/1471-2458-14-1144},
    issn = {14712458},
    pmid = {25377061},
    keywords = {Data sharing, Public health, Surveillance}
}

@article{Balachandar2020AccountingImaging,
    title = {{Accounting for data variability in multi-institutional distributed deep learning for medical imaging}},
    year = {2020},
    journal = {Journal of the American Medical Informatics Association},
    author = {Balachandar, Niranjan and Chang, Ken and Kalpathy-Cramer, Jayashree and Rubin, Daniel L},
    number = {5},
    month = {5},
    pages = {700--708},
    volume = {27},
    publisher = {Oxford University Press},
    url = {https://academic.oup.com/jamia/article/27/5/700/5810515},
    doi = {10.1093/jamia/ocaa017},
    issn = {1527974X},
    pmid = {32196092},
    keywords = {deep learning, distributed learning, federated learning, medical imaging, transfer learning}
}

@inproceedings{Kingma2015Adam:Optimization,
    title = {{Adam: A method for stochastic optimization}},
    year = {2015},
    booktitle = {3rd International Conference on Learning Representations, ICLR 2015 - Conference Track Proceedings},
    author = {Kingma, Diederik P. and Ba, Jimmy Lei},
    month = {12},
    publisher = {International Conference on Learning Representations, ICLR},
    url = {https://arxiv.org/abs/1412.6980v9},
    arxivId = {1412.6980}
}

@article{Kairouz2019AdvancesLearning,
    title = {{Advances and Open Problems in Federated Learning}},
    year = {2019},
    journal = {arXiv},
    author = {Kairouz, Peter and McMahan, H. Brendan and Avent, Brendan and Bellet, Aurélien and Bennis, Mehdi and Bhagoji, Arjun Nitin and Bonawitz, Keith and Charles, Zachary and Cormode, Graham and Cummings, Rachel and D'Oliveira, Rafael G. L. and Rouayheb, Salim El and Evans, David and Gardner, Josh and Garrett, Zachary and Gasc{\'{o}}n, Adrià and Ghazi, Badih and Gibbons, Phillip B. and Gruteser, Marco and Harchaoui, Zaid and He, Chaoyang and He, Lie and Huo, Zhouyuan and Hutchinson, Ben and Hsu, Justin and Jaggi, Martin and Javidi, Tara and Joshi, Gauri and Khodak, Mikhail and Kone{\v{c}}n{\'{y}}, Jakub and Korolova, Aleksandra and Koushanfar, Farinaz and Koyejo, Sanmi and Lepoint, Tancrède and Liu, Yang and Mittal, Prateek and Mohri, Mehryar and Nock, Richard and {\"{O}}zg{\"{u}}r, Ayfer and Pagh, Rasmus and Raykova, Mariana and Qi, Hang and Ramage, Daniel and Raskar, Ramesh and Song, Dawn and Song, Weikang and Stich, Sebastian U. and Sun, Ziteng and Suresh, Ananda Theertha and Tram{\`{e}}r, Florian and Vepakomma, Praneeth and Wang, Jianyu and Xiong, Li and Xu, Zheng and Yang, Qiang and Yu, Felix X. and Yu, Han and Zhao, Sen},
    month = {12},
    pages = {16},
    publisher = {arXiv},
    url = {http://arxiv.org/abs/1912.04977},
    arxivId = {1912.04977}
}

@article{Isensee2019AutomatedSegmentation,
    title = {{Automated Design of Deep Learning Methods for Biomedical Image Segmentation}},
    year = {2019},
    author = {Isensee, Fabian and J{\"{a}}ger, Paul F. and Kohl, Simon A. A. and Petersen, Jens and Maier-Hein, Klaus H.},
    pages = {1--55},
    url = {http://arxiv.org/abs/1904.08128},
    issn = {23318422},
    arxivId = {1904.08128}
}

@inproceedings{Wang2020AutomatedLearning,
    title = {{Automated Pancreas Segmentation Using Multi-institutional Collaborative Deep Learning}},
    year = {2020},
    booktitle = {Domain Adaptation and Representation Transfer, and Distributed and Collaborative Learning},
    author = {Wang, Pochuan and Shen, Chen and Roth, Holger R. and Yang, Dong and Xu, Daguang and Oda, Masahiro and Misawa, Kazunari and Chen, Po-Ting and Liu, Kao-Lang and Liao, Wei-Chih and Wang, Weichung and Mori, Kensaku},
    month = {9},
    pages = {192--200},
    url = {https://link.springer.com/chapter/10.1007/978-3-030-60548-3_19 http://arxiv.org/abs/2009.13148},
    arxivId = {2009.13148},
    keywords = {Architecture, Federated, Learning{\textperiodcentered}, Neural, Pancreas, Search, Segmentation{\textperiodcentered}}
}

@inproceedings{Devlin2019BERT:Understanding,
    title = {{BERT: Pre-training of deep bidirectional transformers for language understanding}},
    year = {2019},
    booktitle = {NAACL HLT 2019 - 2019 Conference of the North American Chapter of the Association for Computational Linguistics: Human Language Technologies - Proceedings of the Conference},
    author = {Devlin, Jacob and Chang, Ming Wei and Lee, Kenton and Toutanova, Kristina},
    month = {10},
    pages = {4171--4186},
    volume = {1},
    publisher = {Association for Computational Linguistics (ACL)},
    url = {https://github.com/tensorflow/tensor2tensor},
    isbn = {9781950737130},
    arxivId = {1810.04805}
}

@article{Roy2019BrainTorrent:Learning,
    title = {{BrainTorrent: A Peer-to-Peer Environment for Decentralized Federated Learning}},
    year = {2019},
    author = {Roy, Abhijit Guha and Siddiqui, Shayan and P{\"{o}}lsterl, Sebastian and Navab, Nassir and Wachinger, Christian},
    month = {5},
    url = {https://arxiv.org/abs/1905.06731v1},
    arxivId = {1905.06731}
}

@article{Abdel-Zaher2016BreastNetworks,
    title = {{Breast cancer classification using deep belief networks}},
    year = {2016},
    journal = {Expert Systems with Applications},
    author = {Abdel-Zaher, Ahmed M. and Eldeib, Ayman M.},
    month = {3},
    pages = {139--144},
    volume = {46},
    publisher = {Elsevier Ltd},
    doi = {10.1016/j.eswa.2015.10.015},
    issn = {09574174},
    keywords = {Breast cancer diagnosis, CAD, Classification, Deep learning based classifier, Pattern recognition}
}

@misc{Tuladhar2020BuildingEnsembling,
    title = {{Building machine learning models without sharing patient data: A simulation-based analysis of distributed learning by ensembling}},
    year = {2020},
    booktitle = {Journal of Biomedical Informatics},
    author = {Tuladhar, Anup and Gill, Sascha and Ismail, Zahinoor and Forkert, Nils D.},
    month = {6},
    volume = {106},
    publisher = {Academic Press Inc.},
    url = {https://pubmed.ncbi.nlm.nih.gov/32335226/},
    doi = {10.1016/j.jbi.2020.103424},
    issn = {15320464},
    pmid = {32335226},
    keywords = {Artificial neural networks, Distributed learning, Machine learning, Medical information systems, Random forest, Support vector machines}
}

@misc{French1999CatastrophicNetworks,
    title = {{Catastrophic forgetting in connectionist networks}},
    year = {1999},
    booktitle = {Trends in Cognitive Sciences},
    author = {French, Robert M.},
    number = {4},
    month = {4},
    pages = {128--135},
    volume = {3},
    publisher = {Elsevier Current Trends},
    doi = {10.1016/S1364-6613(99)01294-2},
    issn = {13646613},
    pmid = {10322466}
}

@article{DeFauw2018ClinicallyDisease,
    title = {{Clinically applicable deep learning for diagnosis and referral in retinal disease}},
    year = {2018},
    journal = {Nature Medicine},
    author = {De Fauw, Jeffrey and Ledsam, Joseph R. and Romera-Paredes, Bernardino and Nikolov, Stanislav and Tomasev, Nenad and Blackwell, Sam and Askham, Harry and Glorot, Xavier and O’Donoghue, Brendan and Visentin, Daniel and van den Driessche, George and Lakshminarayanan, Balaji and Meyer, Clemens and Mackinder, Faith and Bouton, Simon and Ayoub, Kareem and Chopra, Reena and King, Dominic and Karthikesalingam, Alan and Hughes, Cían O. and Raine, Rosalind and Hughes, Julian and Sim, Dawn A. and Egan, Catherine and Tufail, Adnan and Montgomery, Hugh and Hassabis, Demis and Rees, Geraint and Back, Trevor and Khaw, Peng T. and Suleyman, Mustafa and Cornebise, Julien and Keane, Pearse A. and Ronneberger, Olaf},
    number = {9},
    month = {9},
    pages = {1342--1350},
    volume = {24},
    publisher = {Nature Publishing Group},
    url = {https://www.nature.com/articles/s41591-018-0107-6},
    doi = {10.1038/s41591-018-0107-6},
    issn = {1546170X},
    pmid = {30104768},
    keywords = {Diagnosis, Eye manifestations, Machine learning, Three, dimensional imaging}
}

@article{Rajendran2021Cloud-BasedCenters,
    title = {{Cloud-Based Federated Learning Implementation Across Medical Centers}},
    year = {2021},
    journal = {JCO Clinical Cancer Informatics},
    author = {Rajendran, Suraj and Obeid, Jihad S. and Binol, Hamidullah and D`Agostino, Ralph and Foley, Kristie and Zhang, Wei and Austin, Philip and Brakefield, Joey and Gurcan, Metin N. and Topaloglu, Umit},
    number = {5},
    month = {1},
    pages = {1--11},
    publisher = {American Society of Clinical Oncology (ASCO)},
    doi = {10.1200/cci.20.00060},
    issn = {2473-4276},
    pmid = {33411624}
}

@article{Jeong2018Communication-EfficientData,
    title = {{Communication-Efficient On-Device Machine Learning: Federated Distillation and Augmentation under Non-IID Private Data}},
    year = {2018},
    journal = {arXiv},
    author = {Jeong, Eunjeong and Oh, Seungeun and Kim, Hyesung and Park, Jihong and Bennis, Mehdi and Kim, Seong-Lyun},
    month = {11},
    publisher = {arXiv},
    url = {http://arxiv.org/abs/1811.11479},
    arxivId = {1811.11479}
}

@misc{Liu2020DeepApproach,
    title = {{Deep Anomaly Detection for Time-series Data in Industrial IoT: A Communication-Efficient On-device Federated Learning Approach}},
    year = {2020},
    booktitle = {arXiv},
    author = {Liu, Yi and Garg, Sahil and Nie, Jiangtian and Zhang, Yang and Xiong, Zehui and Kang, Jiawen and Shamim Hossain, M.},
    month = {7},
    publisher = {arXiv},
    doi = {10.1109/jiot.2020.3011726},
    issn = {23318422},
    arxivId = {2007.09712},
    keywords = {Deep anomaly detection, Federated learning, Gradient compression, Industrial internet of things}
}

@article{Lecun2015DeepLearning,
    title = {{Deep learning}},
    year = {2015},
    journal = {Nature},
    author = {Lecun, Yann and Bengio, Yoshua and Hinton, Geoffrey},
    number = {7553},
    month = {5},
    pages = {436--444},
    volume = {521},
    publisher = {Nature Publishing Group},
    url = {http://colah.github.io/},
    doi = {10.1038/nature14539},
    issn = {14764687},
    pmid = {26017442},
    keywords = {Computer science, Mathematics and computing}
}

@misc{Wang2019DeepChallenges,
    title = {{Deep Learning in Medicine - Promise, Progress, and Challenges}},
    year = {2019},
    booktitle = {JAMA Internal Medicine},
    author = {Wang, Fei and Casalino, Lawrence Peter and Khullar, Dhruv},
    number = {3},
    month = {3},
    pages = {293--294},
    volume = {179},
    publisher = {American Medical Association},
    url = {https://jamanetwork.com/journals/jamainternalmedicine/fullarticle/2718342},
    doi = {10.1001/jamainternmed.2018.7117},
    issn = {21686106},
    pmid = {30556825}
}

@article{Hinton2012DeepGroups,
    title = {{Deep neural networks for acoustic modeling in speech recognition: The shared views of four research groups}},
    year = {2012},
    journal = {IEEE Signal Processing Magazine},
    author = {Hinton, Geoffrey and Deng, Li and Yu, Dong and Dahl, George and Mohamed, Abdel Rahman and Jaitly, Navdeep and Senior, Andrew and Vanhoucke, Vincent and Nguyen, Patrick and Sainath, Tara and Kingsbury, Brian},
    number = {6},
    pages = {82--97},
    volume = {29},
    publisher = {Institute of Electrical and Electronics Engineers Inc.},
    doi = {10.1109/MSP.2012.2205597},
    issn = {10535888}
}

@inproceedings{He2016DeepRecognition,
    title = {{Deep residual learning for image recognition}},
    year = {2016},
    booktitle = {Proceedings of the IEEE Computer Society Conference on Computer Vision and Pattern Recognition},
    author = {He, Kaiming and Zhang, Xiangyu and Ren, Shaoqing and Sun, Jian},
    month = {12},
    pages = {770--778},
    volume = {2016-Decem},
    publisher = {IEEE Computer Society},
    isbn = {9781467388504},
    doi = {10.1109/CVPR.2016.90},
    issn = {10636919},
    arxivId = {1512.03385}
}

@inproceedings{He2015DelvingClassification,
    title = {{Delving deep into rectifiers: Surpassing human-level performance on imagenet classification}},
    year = {2015},
    booktitle = {Proceedings of the IEEE International Conference on Computer Vision},
    author = {He, Kaiming and Zhang, Xiangyu and Ren, Shaoqing and Sun, Jian},
    pages = {1026--1034},
    volume = {2015 Inter},
    isbn = {9781467383912},
    doi = {10.1109/ICCV.2015.123},
    issn = {15505499},
    arxivId = {1502.01852}
}

@article{Esteva2017Dermatologist-levelNetworks,
    title = {{Dermatologist-level classification of skin cancer with deep neural networks}},
    year = {2017},
    journal = {Nature},
    author = {Esteva, Andre and Kuprel, Brett and Novoa, Roberto A. and Ko, Justin and Swetter, Susan M. and Blau, Helen M. and Thrun, Sebastian},
    number = {7639},
    month = {2},
    pages = {115--118},
    volume = {542},
    publisher = {Nature Publishing Group},
    url = {https://licensing.eri.ed.ac.uk/i/},
    doi = {10.1038/nature21056},
    issn = {14764687},
    pmid = {28117445},
    keywords = {Diagnosis, Machine learning, Skin cancer}
}

@article{Meth2015DesigningSystem,
    title = {{Designing a requirement mining system}},
    year = {2015},
    journal = {Journal of the Association for Information Systems},
    author = {Meth, Hendrik and Mueller, Benjamin and Maedche, Alexander},
    number = {9},
    month = {9},
    pages = {799--837},
    volume = {16},
    publisher = {Association for Information Systems},
    url = {https://aisel.aisnet.org/jais/vol16/iss9/2},
    doi = {10.17705/1jais.00408},
    issn = {15583457},
    keywords = {Advice taking, Design science research, Design theory, Requirements engineering, Requirements mining productivity, Requirements mining systems}
}

@incollection{Dwork2008DifferentialResults,
    title = {{Differential Privacy: A Survey of Results}},
    year = {2008},
    booktitle = {Theory and Applications of Models of Computation},
    author = {Dwork, Cynthia},
    month = {4},
    pages = {1--19},
    publisher = {Springer Berlin Heidelberg},
    url = {https://link.springer.com/chapter/10.1007/978-3-540-79228-4_1},
    doi = {10.1007/978-3-540-79228-4{\_}1}
}

@article{Remedios2020DistributedSegmentation,
    title = {{Distributed deep learning across multisite datasets for generalized CT hemorrhage segmentation}},
    year = {2020},
    journal = {Medical Physics},
    author = {Remedios, Samuel W. and Roy, Snehashis and Bermudez, Camilo and Patel, Mayur B. and Butman, John A. and Landman, Bennett A. and Pham, Dzung L.},
    number = {1},
    month = {1},
    pages = {89--98},
    volume = {47},
    publisher = {John Wiley and Sons Ltd},
    url = {https://aapm.onlinelibrary.wiley.com/doi/full/10.1002/mp.13880},
    doi = {10.1002/mp.13880},
    issn = {00942405},
    pmid = {31660621},
    keywords = {computed tomography (CT), deep learning, distributed, hemorrhage, image segmentation, lesion, multisite, neural network, traumatic brain injury}
}

@inproceedings{Remedios2019DistributedInjury,
    title = {{Distributed deep learning for robust multi-site segmentation of CT imaging after traumatic brain injury}},
    year = {2019},
    booktitle = {Medical Imaging 2019: Image Processing},
    author = {Remedios, Samuel and Roy, Snehashis and Blaber, Justin and Bermudez, Camilo and Nath, Vishwesh and Patel, Mayur B. and Butman, John A. and Landman, Bennett A. and Pham, Dzung L.},
    month = {3},
    volume = {10949},
    publisher = {arXiv},
    url = {https://www.spiedigitallibrary.org/conference-proceedings-of-spie/10949/2511997/Distributed-deep-learning-for-robust-multi-site-segmentation-of-CT/10.1117/12.2511997.short https://pubmed.ncbi.nlm.nih.gov/31602089/},
    isbn = {9781510625457},
    doi = {10.1117/12.2511997},
    issn = {23318422},
    arxivId = {1903.04207},
    keywords = {Computed tomography (ct), Deep learning, Distributed, Hematoma, Lesion, Multi-site, Neural network, Segmentation}
}

@article{Chang2018DistributedImaging,
    title = {{Distributed deep learning networks among institutions for medical imaging}},
    year = {2018},
    journal = {Journal of the American Medical Informatics Association},
    author = {Chang, Ken and Balachandar, Niranjan and Lam, Carson and Yi, Darvin and Brown, James and Beers, Andrew and Rosen, Bruce and Rubin, Daniel L and Kalpathy-Cramer, Jayashree},
    number = {8},
    month = {8},
    pages = {945--954},
    volume = {25},
    publisher = {Oxford University Press},
    url = {https://academic.oup.com/jamia/article/25/8/945/4956468},
    doi = {10.1093/jamia/ocy017},
    issn = {1067-5027},
    keywords = {Deep Learning, Distributed Learning, Medical Imaging, Neural Networks}
}

@article{Kirienko2021DistributedAI,
    title = {{Distributed learning: a reliable privacy-preserving strategy to change multicenter collaborations using AI}},
    year = {2021},
    journal = {European Journal of Nuclear Medicine and Molecular Imaging},
    author = {Kirienko, Margarita and Sollini, Martina and Ninatti, Gaia and Loiacono, Daniele and Giacomello, Edoardo and Gozzi, Noemi and Amigoni, Francesco and Mainardi, Luca and Lanzi, Pier Luca and Chiti, Arturo},
    month = {4},
    pages = {1--14},
    publisher = {Springer Science and Business Media LLC},
    url = {https://doi.org/10.1007/s00259-021-05339-7},
    doi = {10.1007/s00259-021-05339-7},
    issn = {1619-7070},
    pmid = {33847779},
    keywords = {Clinical trial, Distributed learning, Ethics, Federated learning, Machine learning, Privacy}
}

@incollection{Mou2021DistributedSources,
    title = {{Distributed Skin Lesion Analysis Across Decentralised Data Sources}},
    year = {2021},
    author = {Mou, Yongli and Welten, Sascha and Jaberansary, Mehrshad and Ucer Yediel, Yeliz and Kirsten, Toralf and Decker, Stefan and Beyan, Oya},
    month = {5},
    pages = {352--356},
    publisher = {IOS Press},
    url = {https://ebooks.iospress.nl/doi/10.3233/SHTI210179},
    doi = {10.3233/SHTI210179},
    keywords = {Distributed analytics, federated learning, image processing, personal health train}
}

@article{Kaissis2021End-to-endImaging,
    title = {{End-to-end privacy preserving deep learning on multi-institutional medical imaging}},
    year = {2021},
    journal = {Nature Machine Intelligence},
    author = {Kaissis, Georgios and Ziller, Alexander and Passerat-Palmbach, Jonathan and Ryffel, Théo and Usynin, Dmitrii and Trask, Andrew and Lima, Ionésio and Mancuso, Jason and Jungmann, Friederike and Steinborn, Marc-Matthias and Saleh, Andreas and Makowski, Marcus and Rueckert, Daniel and Braren, Rickmer},
    month = {5},
    pages = {1--12},
    publisher = {Nature Publishing Group},
    url = {http://www.nature.com/articles/s42256-021-00337-8},
    doi = {10.1038/s42256-021-00337-8},
    issn = {2522-5839},
    keywords = {Computer science, Radiography}
}

@inproceedings{Silva2020Fed-BioMed:Healthcare,
    title = {{Fed-BioMed: A general open-source frontend framework for federated learning in healthcare}},
    year = {2020},
    booktitle = {Domain Adaptation and Representation Transfer, and Distributed and Collaborative Learning},
    author = {Silva, Santiago and Altmann, Andre and Gutman, Boris and Lorenzi, Marco},
    pages = {201--210},
    url = {https://gitlab.inria.fr/fedbiomed},
    keywords = {federated learning, healthcare, medical imaging}
}

@article{Dou2021FederatedStudy,
    title = {{Federated deep learning for detecting COVID-19 lung abnormalities in CT: a privacy-preserving multinational validation study}},
    year = {2021},
    journal = {npj Digital Medicine},
    author = {Dou, Qi and So, Tiffany Y. and Jiang, Meirui and Liu, Quande and Vardhanabhuti, Varut and Kaissis, Georgios and Li, Zeju and Si, Weixin and Lee, Heather H.C. and Yu, Kevin and Feng, Zuxin and Dong, Li and Burian, Egon and Jungmann, Friederike and Braren, Rickmer and Makowski, Marcus and Kainz, Bernhard and Rueckert, Daniel and Glocker, Ben and Yu, Simon C.H. and Heng, Pheng Ann},
    number = {1},
    month = {12},
    pages = {1--11},
    volume = {4},
    publisher = {Nature Research},
    url = {https://doi.org/10.1038/s41746-021-00431-6},
    doi = {10.1038/s41746-021-00431-6},
    issn = {23986352},
    pmid = {33782526},
    keywords = {Computed tomography, Diagnostic markers}
}

@inproceedings{Remedios2020FederatedOptimizers,
    title = {{Federated Gradient Averaging for Multi-Site Training with Momentum-Based Optimizers}},
    year = {2020},
    booktitle = {Domain Adaptation and Representation Transfer, and Distributed and Collaborative Learning},
    author = {Remedios, Samuel W. and Butman, John A. and Landman, Bennett A. and Pham, Dzung L.},
    month = {10},
    pages = {170--180},
    volume = {12444 LNCS},
    publisher = {Springer Science and Business Media Deutschland GmbH},
    url = {https://link.springer.com/chapter/10.1007/978-3-030-60548-3_17},
    isbn = {9783030605476},
    doi = {10.1007/978-3-030-60548-3{\_}17},
    issn = {16113349},
    keywords = {Deep learning, Federated learning, Multi-site}
}

@inproceedings{Roth2020FederatedImplementation,
    title = {{Federated Learning for Breast Density Classification: A Real-World Implementation}},
    year = {2020},
    booktitle = {Domain Adaptation and Representation Transfer, and Distributed and Collaborative Learning},
    author = {Roth, Holger R. and Chang, Ken and Singh, Praveer and Neumark, Nir and Li, Wenqi and Gupta, Vikash and Gupta, Sharut and Qu, Liangqiong and Ihsani, Alvin and Bizzo, Bernardo C. and Wen, Yuhong and Buch, Varun and Shah, Meesam and Kitamura, Felipe and Mendon{\c{c}}a, Matheus and Lavor, Vitor and Harouni, Ahmed and Compas, Colin and Tetreault, Jesse and Dogra, Prerna and Cheng, Yan and Erdal, Selnur and White, Richard and Hashemian, Behrooz and Schultz, Thomas and Zhang, Miao and McCarthy, Adam and Yun, B. Min and Sharaf, Elshaimaa and Hoebel, Katharina V. and Patel, Jay B. and Chen, Bryan and Ko, Sean and Leibovitz, Evan and Pisano, Etta D. and Coombs, Laura and Xu, Daguang and Dreyer, Keith J. and Dayan, Ittai and Naidu, Ram C. and Flores, Mona and Rubin, Daniel and Kalpathy-Cramer, Jayashree},
    month = {9},
    pages = {181--191},
    volume = {12444 LNCS},
    publisher = {Springer Science and Business Media Deutschland GmbH},
    url = {http://arxiv.org/abs/2009.01871 http://dx.doi.org/10.1007/978-3-030-60548-3_18},
    doi = {10.1007/978-3-030-60548-3{\_}18},
    arxivId = {2009.01871},
    keywords = {BI-RADS, Breast density classification, Federated learning, Mammography}
}

@article{Feki2021FederatedImages,
    title = {{Federated learning for COVID-19 screening from Chest X-ray images}},
    year = {2021},
    journal = {Applied Soft Computing},
    author = {Feki, Ines and Ammar, Sourour and Kessentini, Yousri and Muhammad, Khan},
    month = {7},
    volume = {106},
    publisher = {Elsevier Ltd},
    url = {https://pubmed.ncbi.nlm.nih.gov/33776607/},
    doi = {10.1016/j.asoc.2021.107330},
    issn = {15684946},
    keywords = {CNN, COVID-19 screening, Decentralized training, Deep learning, Federated learning, X-ray images}
}

@techreport{HardFederatedPrediction,
    title = {{Federated Learning for Mobile Keyboard Prediction}},
    author = {Hard, Andrew and Rao, Kanishka and Mathews, Rajiv and Ramaswamy, Swaroop and Beaufays, Françoise and Augenstein, Sean and Eichner, Hubert and Kiddon, Chloé and Ramage, Daniel},
    url = {https://www.tensorflow.org/lite/},
    arxivId = {1811.03604v2},
    keywords = {CIFG, Index Terms-Federated learning, NLP, keyboard, language modeling}
}

@article{Hard2018FederatedPrediction,
    title = {{Federated Learning for Mobile Keyboard Prediction}},
    year = {2018},
    journal = {arXiv},
    author = {Hard, Andrew and Rao, Kanishka and Mathews, Rajiv and Ramaswamy, Swaroop and Beaufays, Françoise and Augenstein, Sean and Eichner, Hubert and Kiddon, Chloé and Ramage, Daniel},
    month = {11},
    publisher = {arXiv},
    url = {http://arxiv.org/abs/1811.03604},
    arxivId = {1811.03604},
    keywords = {CIFG, Federated learning, Keyboard, Language modeling, NLP}
}

@article{Lee2021FederatedEnvironment,
    title = {{Federated learning for thyroid ultrasound image analysis to protect personal information: Validation study in a real health care environment}},
    year = {2021},
    journal = {JMIR Medical Informatics},
    author = {Lee, Haeyun and Chai, Young Jun and Joo, Hyunjin and Lee, Kyungsu and Hwang, Jae Youn and Kim, Seok Mo and Kim, Kwangsoon and Nam, Inn Chul and Choi, June Young and Yu, Hyeong Won and Lee, Myung Chul and Masuoka, Hiroo and Miyauchi, Akira and Lee, Kyu Eun and Kim, Sungwan and Kong, Hyoun Joong},
    number = {5},
    month = {5},
    volume = {9},
    publisher = {JMIR Medical Informatics},
    url = {https://medinform.jmir.org/2021/5/e25869},
    doi = {10.2196/25869},
    issn = {22919694},
    keywords = {deep learning, federated learning, thyroid nodules, ultrasound image}
}

@article{Sarma2021FederatedSharing,
    title = {{Federated learning improves site performance in multicenter deep learning without data sharing}},
    year = {2021},
    journal = {Journal of the American Medical Informatics Association},
    author = {Sarma, Karthik V and Harmon, Stephanie and Sanford, Thomas and Roth, Holger R and Xu, Ziyue and Tetreault, Jesse and Xu, Daguang and Flores, Mona G and Raman, Alex G and Kulkarni, Rushikesh and Wood, Bradford J and Choyke, Peter L and Priester, Alan M and Marks, Leonard S and Raman, Steven S and Enzmann, Dieter and Turkbey, Baris and Speier, William and Arnold, Corey W},
    month = {2},
    publisher = {Oxford University Press (OUP)},
    url = {https://academic.oup.com/jamia/advance-article/doi/10.1093/jamia/ocaa341/6127556?login=true},
    doi = {10.1093/jamia/ocaa341},
    issn = {1067-5027},
    keywords = {deep learning, federated learning, generalizability, privacy, prostate}
}

@inproceedings{Silva2019FederatedData,
    title = {{Federated learning in distributed medical databases: Meta-analysis of large-scale subcortical brain data}},
    year = {2019},
    booktitle = {Proceedings - International Symposium on Biomedical Imaging},
    author = {Silva, Santiago and Gutman, Boris A. and Romero, Eduardo and Thompson, Paul M. and Altmann, Andre and Lorenzi, Marco},
    month = {4},
    pages = {270--274},
    volume = {2019-April},
    publisher = {IEEE Computer Society},
    isbn = {9781538636411},
    doi = {10.1109/ISBI.2019.8759317},
    issn = {19458452},
    arxivId = {1810.08553},
    keywords = {Brain disease, Distributed databases, Federated learning, Meta-analysis, PCA, SVD}
}

@article{Sheller2020FederatedData,
    title = {{Federated learning in medicine: facilitating multi-institutional collaborations without sharing patient data}},
    year = {2020},
    journal = {Scientific Reports},
    author = {Sheller, Micah J. and Edwards, Brandon and Reina, G. Anthony and Martin, Jason and Pati, Sarthak and Kotrotsou, Aikaterini and Milchenko, Mikhail and Xu, Weilin and Marcus, Daniel and Colen, Rivka R. and Bakas, Spyridon},
    number = {1},
    month = {12},
    volume = {10},
    publisher = {Nature Research},
    url = {https://www.nature.com/articles/s41598-020-69250-1},
    doi = {10.1038/s41598-020-69250-1},
    issn = {20452322},
    pmid = {32724046}
}

@article{Vaid2021FederatedApproach,
    title = {{Federated learning of electronic health records to improve mortality prediction in hospitalized patients with COVID-19: Machine learning approach}},
    year = {2021},
    journal = {JMIR Medical Informatics},
    author = {Vaid, Akhil and Jaladanki, Suraj K. and Xu, Jie and Teng, Shelly and Kumar, Arvind and Lee, Samuel and Somani, Sulaiman and Paranjpe, Ishan and de Freitas, Jessica K. and Wanyan, Tingyi and Johnson, Kipp W. and Bicak, Mesude and Klang, Eyal and Kwon, Young Joon and Costa, Anthony and Zhao, Shan and Miotto, Riccardo and Charney, Alexander W. and B{\"{o}}ttinger, Erwin and Fayad, Zahi A. and Nadkarni, Girish N. and Wang, Fei and Glicksberg, Benjamin S.},
    number = {1},
    month = {1},
    pages = {e24207},
    volume = {9},
    publisher = {JMIR Publications Inc.},
    url = {https://medinform.jmir.org/2021/1/e24207},
    doi = {10.2196/24207},
    issn = {22919694},
    keywords = {COVID-19, Electronic health records, Federated learning, Machine learning}
}

@article{Lee2020FederatedAssessment,
    title = {{Federated Learning on Clinical Benchmark Data: Performance Assessment}},
    year = {2020},
    journal = {Journal of Medical Internet Research},
    author = {Lee, Geun Hyeong and Shin, Soo Yong},
    number = {10},
    month = {10},
    volume = {22},
    publisher = {JMIR Publications Inc.},
    url = {https://www.jmir.org/2020/10/e20891/},
    doi = {10.2196/20891},
    issn = {14388871},
    pmid = {33104011},
    keywords = {Deep learning, Federated learning, Machine learning, Medical data, Privacy protection}
}

@inproceedings{Baheti2020FederatedNodules,
    title = {{Federated learning on distributed medical records for detection of lung nodules}},
    year = {2020},
    booktitle = {VISIGRAPP 2020 - Proceedings of the 15th International Joint Conference on Computer Vision, Imaging and Computer Graphics Theory and Applications},
    author = {Baheti, Pragati and Sikka, Mukul and Arya, K. V. and Rajesh, R.},
    pages = {445--451},
    volume = {4},
    publisher = {SciTePress},
    isbn = {9789897584022},
    doi = {10.5220/0009144704450451},
    keywords = {Blockchain, Decentralized training, Distributed Database, Electronic Medical Records, Federated Learning}
}

@techreport{Flores2021FederatedPatients,
    title = {{Federated Learning used for predicting outcomes in SARS-COV-2 patients}},
    year = {2021},
    author = {Flores, Mona and Dayan, Ittai and Roth, Holger and Zhong, Aoxiao and Harouni, Ahmed and Gentili, Amilcare and Abidin, Anas and Liu, Andrew and Mount, Anthony Costa and Health, Sinai and Wood, System Bradford and Tsai, Chien-Sung and Hsu, Chun-Nan},
    month = {1},
    url = {https://orcid.org/0000-0002-9992-5630},
    doi = {10.21203/RS.3.RS-126892/V1}
}

@article{Zhao2018FederatedData,
    title = {{Federated Learning with Non-IID Data}},
    year = {2018},
    journal = {arXiv},
    author = {Zhao, Yue and Li, Meng and Lai, Liangzhen and Suda, Naveen and Civin, Damon and Chandra, Vikas},
    month = {6},
    publisher = {arXiv},
    url = {http://arxiv.org/abs/1806.00582},
    arxivId = {1806.00582}
}

@misc{Ng2021FederatedDatasets,
    title = {{Federated learning: A collaborative effort to achieve better medical imaging models for individual sites that have small labelled datasets}},
    year = {2021},
    booktitle = {Quantitative Imaging in Medicine and Surgery},
    author = {Ng, Dianwen and Lan, Xiang and Yao, Melissa Min Szu and Chan, Wing P. and Feng, Mengling},
    number = {2},
    month = {2},
    pages = {852--857},
    volume = {11},
    publisher = {AME Publishing Company},
    url = {/pmc/articles/PMC7779924/ /pmc/articles/PMC7779924/?report=abstract https://www.ncbi.nlm.nih.gov/pmc/articles/PMC7779924/},
    doi = {10.21037/QIMS-20-595},
    issn = {22234306},
    keywords = {Artificial intelligence (AI), Data, Federated learning, Medical imaging}
}

@misc{Ng2021FederatedDatasetsb,
    title = {{Federated learning: A collaborative effort to achieve better medical imaging models for individual sites that have small labelled datasets}},
    year = {2021},
    booktitle = {Quantitative Imaging in Medicine and Surgery},
    author = {Ng, Dianwen and Lan, Xiang and Yao, Melissa Min Szu and Chan, Wing P. and Feng, Mengling},
    number = {2},
    month = {2},
    pages = {852--857},
    volume = {11},
    publisher = {AME Publishing Company},
    url = {/pmc/articles/PMC7779924/ /pmc/articles/PMC7779924/?report=abstract https://www.ncbi.nlm.nih.gov/pmc/articles/PMC7779924/},
    doi = {10.21037/QIMS-20-595},
    issn = {22234306},
    keywords = {Artificial intelligence (AI), Data, Federated learning, Medical imaging}
}

@article{Li2020FederatedDirections,
    title = {{Federated Learning: Challenges, Methods, and Future Directions}},
    year = {2020},
    journal = {IEEE Signal Processing Magazine},
    author = {Li, Tian and Sahu, Anit Kumar and Talwalkar, Ameet and Smith, Virginia},
    number = {3},
    pages = {50--60},
    volume = {37},
    doi = {10.1109/MSP.2020.2975749},
    issn = {15580792},
    arxivId = {1908.07873}
}

@article{Konecny2016FederatedEfficiency,
    title = {{Federated Learning: Strategies for Improving Communication Efficiency}},
    year = {2016},
    author = {Kone{\v{c}}n{\'{y}}, Jakub and McMahan, H. Brendan and Yu, Felix X. and Richt{\'{a}}rik, Peter and Suresh, Ananda Theertha and Bacon, Dave},
    month = {10},
    url = {http://arxiv.org/abs/1610.05492},
    arxivId = {1610.05492}
}

@article{Yang2019FederatedApplications,
    title = {{Federated Machine Learning: Concept and Applications}},
    year = {2019},
    journal = {arXiv},
    author = {Yang, Qiang and Liu, Yang and {Tianjian Chen} and {Yongxin Tong}},
    number = {2},
    pages = {1--19},
    volume = {10},
    url = {https://arxiv.org/pdf/1902.04885.pdf},
    arxivId = {1902.04885},
    keywords = {GDPR, federated learning, GDPR, transfer learning, transfer learning}
}

@article{Konecny2016FederatedIntelligence,
    title = {{Federated Optimization: Distributed Machine Learning for On-Device Intelligence}},
    year = {2016},
    author = {Kone{\v{c}}n{\'{y}}, Jakub and McMahan, H. Brendan and Ramage, Daniel and Richt{\'{a}}rik, Peter},
    month = {10},
    url = {http://arxiv.org/abs/1610.02527},
    arxivId = {1610.02527}
}

@inproceedings{Konecny2015FederatedDatacenter,
    title = {{Federated Optimization:Distributed Optimization Beyond the Datacenter}},
    year = {2015},
    author = {Kone{\v{c}}n{\'{y}}, Jakub and McMahan, Brendan and Ramage, Daniel},
    month = {11},
    url = {http://arxiv.org/abs/1511.03575},
    arxivId = {1511.03575},
    keywords = {()}
}

@misc{Liu2020FederatedSilos,
    title = {{Federated pretraining and fine tuning of BERT using clinical notes from multiple silos}},
    year = {2020},
    booktitle = {arXiv},
    author = {Liu, Dianbo and Miller, Tim},
    month = {2},
    publisher = {arXiv},
    url = {http://arxiv.org/abs/2002.08562},
    issn = {23318422},
    arxivId = {2002.08562}
}

@article{Yang2021FederatedJapan,
    title = {{Federated semi-supervised learning for COVID region segmentation in chest CT using multi-national data from China, Italy, Japan}},
    year = {2021},
    journal = {Medical Image Analysis},
    author = {Yang, Dong and Xu, Ziyue and Li, Wenqi and Myronenko, Andriy and Roth, Holger R. and Harmon, Stephanie and Xu, Sheng and Turkbey, Baris and Turkbey, Evrim and Wang, Xiaosong and Zhu, Wentao and Carrafiello, Gianpaolo and Patella, Francesca and Cariati, Maurizio and Obinata, Hirofumi and Mori, Hitoshi and Tamura, Kaku and An, Peng and Wood, Bradford J. and Xu, Daguang},
    month = {5},
    pages = {101992},
    volume = {70},
    publisher = {Elsevier B.V.},
    url = {/pmc/articles/PMC7864789/ /pmc/articles/PMC7864789/?report=abstract https://www.ncbi.nlm.nih.gov/pmc/articles/PMC7864789/},
    doi = {10.1016/j.media.2021.101992},
    issn = {13618423},
    pmid = {33601166},
    arxivId = {2011.11750},
    keywords = {COVID-19, Chest CT, Federated learning, Semi-supervision}
}

@article{He2020FedML:Learning,
    title = {{FedML: A Research Library and Benchmark for Federated Machine Learning}},
    year = {2020},
    journal = {arXiv},
    author = {He, Chaoyang and Li, Songze and So, Jinhyun and Zeng, Xiao and Zhang, Mi and Wang, Hongyi and Wang, Xiaoyang and Vepakomma, Praneeth and Singh, Abhishek and Qiu, Hang and Zhu, Xinghua and Wang, Jianzong and Shen, Li and Zhao, Peilin and Kang, Yan and Liu, Yang and Raskar, Ramesh and Yang, Qiang and Annavaram, Murali and Avestimehr, Salman},
    month = {7},
    url = {http://arxiv.org/abs/2007.13518},
    arxivId = {2007.13518}
}

@misc{IntersoftConsulting2016GeneralGDPR,
    title = {{General Data Protection Regulation (GDPR)}},
    year = {2016},
    author = {{Intersoft Consulting}},
    publisher = {Intersoft Consulting},
    url = {https://gdpr-info.eu/}
}

@article{LeCun1998Gradient-basedRecognition,
    title = {{Gradient-based learning applied to document recognition}},
    year = {1998},
    journal = {Proceedings of the IEEE},
    author = {LeCun, Yann and Bottou, Léon and Bengio, Yoshua and Haffner, Patrick},
    number = {11},
    pages = {2278--2323},
    volume = {86},
    doi = {10.1109/5.726791},
    issn = {00189219},
    keywords = {Convolutional neural networks, Document recognition, Finite state transducers, Gradient-based learning, Graph transformer networks, Machine learning, Neural networks, Optical character recognition (OCR)}
}

@misc{USDepartmentofHealthandHumanServices2020HealthHIPPA,
    title = {{Health Insurance Portability and Accountability Act (HIPPA)}},
    year = {2020},
    author = {{US Department of Health and Human Services}},
    url = {https://www.hhs.gov/hipaa/index.html}
}

@article{Kermany2018IdentifyingLearning,
    title = {{Identifying Medical Diagnoses and Treatable Diseases by Image-Based Deep Learning}},
    year = {2018},
    journal = {Cell},
    author = {Kermany, Daniel S. and Goldbaum, Michael and Cai, Wenjia and Valentim, Carolina C.S. and Liang, Huiying and Baxter, Sally L. and McKeown, Alex and Yang, Ge and Wu, Xiaokang and Yan, Fangbing and Dong, Justin and Prasadha, Made K. and Pei, Jacqueline and Ting, Magdalena and Zhu, Jie and Li, Christina and Hewett, Sierra and Dong, Jason and Ziyar, Ian and Shi, Alexander and Zhang, Runze and Zheng, Lianghong and Hou, Rui and Shi, William and Fu, Xin and Duan, Yaou and Huu, Viet A.N. and Wen, Cindy and Zhang, Edward D. and Zhang, Charlotte L. and Li, Oulan and Wang, Xiaobo and Singer, Michael A. and Sun, Xiaodong and Xu, Jie and Tafreshi, Ali and Lewis, M. Anthony and Xia, Huimin and Zhang, Kang},
    number = {5},
    month = {2},
    pages = {1122--1131},
    volume = {172},
    publisher = {Cell Press},
    url = {https://doi.org/10.1016/j.cell.2018.02.010},
    doi = {10.1016/j.cell.2018.02.010},
    issn = {10974172},
    pmid = {29474911},
    keywords = {age-related macular degeneration, artificial intelligence, choroidal neovascularization, deep learning, diabetic macular edema, diabetic retinopathy, optical coherence tomography, pneumonia, screening, transfer learning}
}

@article{Krizhevsky2017ImageNetNetworks,
    title = {{ImageNet classification with deep convolutional neural networks}},
    year = {2017},
    journal = {Communications of the ACM},
    author = {Krizhevsky, Alex and Sutskever, Ilya and Hinton, Geoffrey E.},
    number = {6},
    pages = {84--90},
    volume = {60},
    url = {http://code.google.com/p/cuda-convnet/},
    doi = {10.1145/3065386},
    issn = {15577317}
}

@inproceedings{Deng2010ImageNet:Database,
    title = {{ImageNet: A large-scale hierarchical image database}},
    year = {2010},
    booktitle = {Conference on Computer Vision and Pattern Recognition (CVPR)},
    author = {Deng, Jia and Dong, Wei and Socher, Richard and Li, Li-Jia and {Kai Li} and {Li Fei-Fei}},
    month = {3},
    pages = {248--255},
    publisher = {Institute of Electrical and Electronics Engineers (IEEE)},
    doi = {10.1109/cvpr.2009.5206848}
}

@inproceedings{Yeganeh2020InverseData,
    title = {{Inverse Distance Aggregation for Federated Learning with Non-IID Data}},
    year = {2020},
    booktitle = {Domain Adaptation and Representation Transfer, and Distributed and Collaborative Learning},
    author = {Yeganeh, Yousef and Farshad, Azade and Navab, Nassir and Albarqouni, Shadi},
    pages = {150--159},
    volume = {12444 LNCS},
    url = {https://ida-fl.github.io/},
    isbn = {9783030605476},
    doi = {10.1007/978-3-030-60548-3{\_}15},
    issn = {16113349},
    arxivId = {2008.07665},
    keywords = {Deep learning, Distributed learning, Federated learning, Heterogeneous data, Privacy-preserving, Robustness}
}

@article{Scherer2020JointAnalytics,
    title = {{Joint Imaging Platform for Federated Clinical Data Analytics}},
    year = {2020},
    journal = {JCO Clinical Cancer Informatics},
    author = {Scherer, Jonas and Nolden, Marco and Kleesiek, Jens and Metzger, Jasmin and Kades, Klaus and Schneider, Verena and Bach, Michael and Sedlaczek, Oliver and Bucher, Andreas M. and Vogl, Thomas J. and Gr{\"{u}}nwald, Frank and K{\"{u}}hn, Jens-Peter and Hoffmann, Ralf-Thorsten and Kotzerke, Jörg and Bethge, Oliver and Schimm{\"{o}}ller, Lars and Antoch, Gerald and M{\"{u}}ller, Hans-Wilhelm and Daul, Andreas and Nikolaou, Konstantin and la Foug{\`{e}}re, Christian and Kunz, Wolfgang G. and Ingrisch, Michael and Schachtner, Balthasar and Ricke, Jens and Bartenstein, Peter and Nensa, Felix and Radbruch, Alexander and Umutlu, Lale and Forsting, Michael and Seifert, Robert and Herrmann, Ken and Mayer, Philipp and Kauczor, Hans-Ulrich and Penzkofer, Tobias and Hamm, Bernd and Brenner, Winfried and Kloeckner, Roman and D{\"{u}}ber, Christoph and Schreckenberger, Mathias and Braren, Rickmer and Kaissis, Georgios and Makowski, Marcus and Eiber, Matthias and Gafita, Andrei and Trager, Rupert and Weber, Wolfgang A. and Neubauer, Jakob and Reisert, Marco and Bock, Michael and Bamberg, Fabian and Hennig, Jürgen and Meyer, Philipp Tobias and Ruf, Juri and Haberkorn, Uwe and Schoenberg, Stefan O. and Kuder, Tristan and Neher, Peter and Floca, Ralf and Schlemmer, Heinz-Peter and Maier-Hein, Klaus},
    month = {11},
    pages = {1027--1038},
    volume = {4},
    publisher = {American Society of Clinical Oncology (ASCO)},
    url = {https://ascopubs.org/doi/pdf/10.1200/CCI.20.00045 https://www.thieme-connect.de/products/ejournals/abstract/10.1055/s-0040-1703123},
    doi = {10.1200/cci.20.00045},
    issn = {2473-4276},
    pmid = {33166197}
}

@article{Caldas2018LEAF:Settings,
    title = {{LEAF: A Benchmark for Federated Settings}},
    year = {2018},
    journal = {arXiv},
    author = {Caldas, Sebastian and Duddu, Sai Meher Karthik and Wu, Peter and Li, Tian and Kone{\v{c}}n{\'{y}}, Jakub and McMahan, H. Brendan and Smith, Virginia and Talwalkar, Ameet},
    month = {12},
    publisher = {arXiv},
    url = {http://arxiv.org/abs/1812.01097},
    arxivId = {1812.01097}
}

@article{Rumelhart1986LearningErrors,
    title = {{Learning representations by back-propagating errors}},
    year = {1986},
    journal = {Nature},
    author = {Rumelhart, David E. and Hinton, Geoffrey E. and Williams, Ronald J.},
    number = {},
    pages = {533--536},
    volume = {323},
    publisher = {Nature Publishing Group},
    url = {https://www.nature.com/articles/323533a0},
    doi = {10.1038/323533a0},
    issn = {1476-4687},
    keywords = {Humanities and Social Sciences, Science, multidisciplinary}
}

@article{Xie2019ManifoldNetwork,
    title = {{Manifold regularization based distributed semi-supervised learning algorithm using extreme learning machine over time-varying network}},
    year = {2019},
    journal = {Neurocomputing},
    author = {Xie, Jin and Liu, Sanyang and Dai, Hao},
    month = {8},
    pages = {24--34},
    volume = {355},
    publisher = {Elsevier B.V.},
    doi = {10.1016/j.neucom.2019.03.079},
    issn = {18728286},
    keywords = {Distributed learning (DL), Extreme learning machine (ELM), Manifold regularization (MR), Semi-supervised learning (SSL), Time-varying network, Zero-gradient-sum (ZGS)}
}

@article{Jiang2019ModelDevices,
    title = {{Model pruning enables efficient federated learning on edge devices}},
    year = {2019},
    journal = {arXiv},
    author = {Jiang, Yuang and Wang, Shiqiang and Ko, Bong Jun and Lee, Wei Han and Tassiulas, Leandros},
    number = {NeurIPS},
    pages = {1--21},
    arxivId = {1909.12326}
}

@article{Dluhos2017Multi-centerApproach,
    title = {{Multi-center machine learning in imaging psychiatry: A meta-model approach}},
    year = {2017},
    journal = {NeuroImage},
    author = {Dluho{\v{s}}, Petr and Schwarz, Daniel and Cahn, Wiepke and van Haren, Neeltje and Kahn, René and {\v{S}}paniel, Filip and Hor{\'{a}}{\v{c}}ek, Jiří and Ka{\v{s}}p{\'{a}}rek, Tomáš and Schnack, Hugo},
    month = {7},
    pages = {10--24},
    volume = {155},
    publisher = {Academic Press Inc.},
    url = {https://pubmed.ncbi.nlm.nih.gov/28428048/},
    doi = {10.1016/j.neuroimage.2017.03.027},
    issn = {10959572},
    pmid = {28428048},
    keywords = {Machine learning, classification, combining models, first-episode schizophrenia, meta-model, multi-center, prediction, support vector machines (SVM)}
}

@inproceedings{Sheller2019Multi-institutionalSegmentation,
    title = {{Multi-institutional deep learning modeling without sharing patient data: A feasibility study on brain tumor segmentation}},
    year = {2019},
    booktitle = {Lecture Notes in Computer Science (including subseries Lecture Notes in Artificial Intelligence and Lecture Notes in Bioinformatics)},
    author = {Sheller, Micah J. and Reina, G. Anthony and Edwards, Brandon and Martin, Jason and Bakas, Spyridon},
    pages = {92--104},
    volume = {11383 LNCS},
    publisher = {Springer Verlag},
    url = {https://pubmed.ncbi.nlm.nih.gov/31231720/},
    isbn = {9783030117221},
    doi = {10.1007/978-3-030-11723-8{\_}9},
    issn = {16113349},
    arxivId = {1810.04304},
    keywords = {BraTS, Deep learning, Federated, Glioma, Incremental, Machine learning, Segmentation}
}

@article{Kuechler2008OnProject,
    title = {{On theory development in design science research: Anatomy of a research project}},
    year = {2008},
    journal = {European Journal of Information Systems},
    author = {Kuechler, Bill and Vaishnavi, Vijay},
    number = {5},
    month = {11},
    pages = {489--504},
    volume = {17},
    publisher = {Palgrave Macmillan Ltd.},
    url = {https://link.springer.com/article/10.1057/ejis.2008.40},
    doi = {10.1057/ejis.2008.40},
    issn = {14769344},
    keywords = {Design science, Design theory, Kernel theory, Mid-range theory, Research methods, Theory building}
}

@article{Mathur2021On-deviceFlower,
    title = {{On-device Federated Learning with Flower}},
    year = {2021},
    author = {Mathur, Akhil and Beutel, Daniel J. and de Gusm{\~{a}}o, Pedro Porto Buarque and Fernandez-Marques, Javier and Topal, Taner and Qiu, Xinchi and Parcollet, Titouan and Gao, Yan and Lane, Nicholas D.},
    month = {4},
    url = {http://arxiv.org/abs/2104.03042},
    arxivId = {2104.03042}
}

@article{Kirkpatrick2017OvercomingNetworks,
    title = {{Overcoming catastrophic forgetting in neural networks}},
    year = {2017},
    journal = {Proceedings of the National Academy of Sciences of the United States of America},
    author = {Kirkpatrick, James and Pascanu, Razvan and Rabinowitz, Neil and Veness, Joel and Desjardins, Guillaume and Rusu, Andrei A. and Milan, Kieran and Quan, John and Ramalho, Tiago and Grabska-Barwinska, Agnieszka and Hassabis, Demis and Clopath, Claudia and Kumaran, Dharshan and Hadsell, Raia},
    number = {13},
    month = {3},
    pages = {3521--3526},
    volume = {114},
    publisher = {National Academy of Sciences},
    url = {www.pnas.org/cgi/doi/10.1073/pnas.1611835114},
    doi = {10.1073/pnas.1611835114},
    issn = {10916490},
    pmid = {28292907},
    arxivId = {1612.00796},
    keywords = {Artificial intelligence, Continual learning, Deep learning, Stability plasticity, Synaptic consolidation}
}

@article{Ma2019PaddlePaddle:Practice,
    title = {{PaddlePaddle: An Open-Source Deep Learning Platform from Industrial Practice}},
    year = {2019},
    journal = {Frontiers of Data and Domputing},
    author = {Ma, Yanjun and Yu, Dianhai and Wu, Tian and Wang, Haifeng and Ma, Yanjun and Yu, Dianhai and Wu, Tian and Wang, Haifeng},
    number = {1},
    month = {10},
    pages = {105--115},
    volume = {1},
    url = {http://www.jfdc.cnic.cn/EN/abstract/abstract2.shtml},
    doi = {10.11871/JFDC.ISSN.2096.742X.2019.01.011},
    issn = {1674-9480},
    keywords = {PaddlePaddle, artificial intelligence, deep learning, deep learning framework}
}

@article{Lalitha2019Peer-to-peerGraphs,
    title = {{Peer-to-peer Federated Learning on Graphs}},
    year = {2019},
    author = {Lalitha, Anusha and Kilinc, Osman Cihan and Javidi, Tara and Koushanfar, Farinaz},
    month = {1},
    url = {https://arxiv.org/abs/1901.11173v1},
    arxivId = {1901.11173}
}

@inproceedings{Bonawitz2016PracticalData,
    title = {{Practical Secure Aggregation for Federated Learning on User-Held Data}},
    year = {2016},
    booktitle = {NIPS Workshop on Private Multi-Party Machine Learning},
    author = {Bonawitz, Keith and Ivanov, Vladimir and Kreuter, Ben and Marcedone, Antonio and McMahan, H. Brendan and Patel, Sarvar and Ramage, Daniel and Segal, Aaron and Seth, Karn},
    url = {https://research.google/pubs/pub45808/ http://arxiv.org/abs/1611.04482},
    arxivId = {1611.04482}
}

@inproceedings{Bonawitz2017PracticalLearning,
    title = {{Practical secure aggregation for privacy-preserving machine learning}},
    year = {2017},
    booktitle = {Proceedings of the ACM Conference on Computer and Communications Security},
    author = {Bonawitz, Keith and Ivanov, Vladimir and Kreuter, Ben and Marcedone, Antonio and McMahan, H. Brendan and Patel, Sarvar and Ramage, Daniel and Segal, Aaron and Seth, Karn},
    month = {10},
    pages = {1175--1191},
    publisher = {Association for Computing Machinery},
    isbn = {9781450349468},
    doi = {10.1145/3133956.3133982},
    issn = {15437221},
    keywords = {Federated Learning, Machine Learning, Privacy-Preserving Protocols, Secure Aggregation}
}

@article{Choudhury2019PredictingLearning,
    title = {{Predicting Adverse Drug Reactions on Distributed Health Data using Federated Learning}},
    year = {2019},
    journal = {AMIA ... Annual Symposium proceedings. AMIA Symposium},
    author = {Choudhury, Olivia and Park, Yoonyoung and Salonidis, Theodoros and Gkoulalas-Divanis, Aris and Sylla, Issa and Das, Amar K.},
    pages = {313--322},
    volume = {2019},
    publisher = {NLM (Medline)},
    url = {/pmc/articles/PMC7153050/ /pmc/articles/PMC7153050/?report=abstract https://www.ncbi.nlm.nih.gov/pmc/articles/PMC7153050/},
    issn = {1942597X},
    pmid = {32308824}
}

@inproceedings{Sharma2019PreservingMortality,
    title = {{Preserving Patient Privacy while Training a Predictive Model of In-hospital Mortality}},
    year = {2019},
    booktitle = {AI for Social Good Workshop, Neurips 2019},
    author = {Sharma, Pulkit and Shamout, Farah E and Clifton, David A},
    month = {12},
    url = {http://arxiv.org/abs/1912.00354},
    address = {Vancouver},
    arxivId = {1912.00354}
}

@article{Li2019Privacy-preservingSegmentation,
    title = {{Privacy-preserving Federated Brain Tumour Segmentation}},
    year = {2019},
    journal = {Lecture Notes in Computer Science (including subseries Lecture Notes in Artificial Intelligence and Lecture Notes in Bioinformatics)},
    author = {Li, Wenqi and Milletar{\`{i}}, Fausto and Xu, Daguang and Rieke, Nicola and Hancox, Jonny and Zhu, Wentao and Baust, Maximilian and Cheng, Yan and Ourselin, Sébastien and Cardoso, M. Jorge and Feng, Andrew},
    month = {10},
    pages = {133--141},
    volume = {11861 LNCS},
    publisher = {Springer},
    url = {http://arxiv.org/abs/1910.00962},
    arxivId = {1910.00962}
}

@article{Gillies2016Radiomics:Data,
    title = {{Radiomics: Images are more than pictures, they are data}},
    year = {2016},
    journal = {Radiology},
    author = {Gillies, Robert J. and Kinahan, Paul E. and Hricak, Hedvig},
    number = {2},
    month = {2},
    pages = {563--577},
    volume = {278},
    publisher = {Radiological Society of North America Inc.},
    url = {https://pubs.rsna.org/doi/abs/10.1148/radiol.2015151169},
    doi = {10.1148/radiol.2015151169},
    issn = {15271315},
    pmid = {26579733}
}

@inproceedings{VomBrocke2009ReconstructingProcess,
    title = {{Reconstructing the giant: On the importance of rigour in documenting the literature search process}},
    year = {2009},
    booktitle = {17th European Conference on Information Systems, ECIS 2009},
    author = {Vom Brocke, Jan and Simons, Alexander and Niehaves, Björn and Riemer, Kai and Plattfaut, Ralf and Cleven, Anne},
    month = {1},
    url = {https://aisel.aisnet.org/ecis2009/161},
    isbn = {9788861293915},
    keywords = {IS community, IS journals, Literature review, Literature search, Research methodology, Rigour}
}

@article{Zhao2019SecureApplications,
    title = {{Secure Multi-Party Computation: Theory, practice and applications}},
    year = {2019},
    journal = {Information Sciences},
    author = {Zhao, Chuan and Zhao, Shengnan and Zhao, Minghao and Chen, Zhenxiang and Gao, Chong Zhi and Li, Hongwei and Tan, Yu an},
    month = {2},
    pages = {357--372},
    volume = {476},
    publisher = {Elsevier},
    doi = {10.1016/j.ins.2018.10.024},
    issn = {00200255},
    keywords = {Cloud security, Generic protocol, Privacy-preserving technology, Secure Multi-Party Computation, Secure outsourcing}
}

@article{Kaissis2020SecureImaging,
    title = {{Secure, privacy-preserving and federated machine learning in medical imaging}},
    year = {2020},
    journal = {Nature Machine Intelligence},
    author = {Kaissis, Georgios A. and Makowski, Marcus R. and R{\"{u}}ckert, Daniel and Braren, Rickmer F.},
    number = {6},
    month = {6},
    pages = {305--311},
    volume = {2},
    publisher = {Springer Science and Business Media LLC},
    url = {https://doi.org/10.1038/s42256-020-0186-1},
    doi = {10.1038/s42256-020-0186-1},
    keywords = {Mathematics and computing, Medical research}
}

@inproceedings{Andreux2020SiloedDatasets,
    title = {{Siloed Federated Learning for Multi-Centric Histopathology Datasets}},
    year = {2020},
    booktitle = {Domain Adaptation and Representation Transfer, and Distributed and Collaborative Learning},
    author = {Andreux, Mathieu and Ogier Du Terrail, Jean and Beguier, Constance and Tramel, Eric W},
    pages = {129--139},
    url = {https://arxiv.org/abs/2008.07424},
    arxivId = {2008.07424v1},
    keywords = {Deep Learning, Federated Learning, Heterogeneity, Histopathology}
}

@incollection{Lamer2021SpecificationsNetworks,
    title = {{Specifications for the Routine Implementation of Federated Learning in Hospitals Networks}},
    year = {2021},
    author = {Lamer, Antoine and Filiot, Alexandre and Bouillard, Yannick and Mangold, Paul and Andrey, Paul and Schiro, Jessica},
    month = {5},
    pages = {128--132},
    publisher = {IOS Press},
    url = {https://ebooks.iospress.nl/doi/10.3233/SHTI210134},
    doi = {10.3233/SHTI210134},
    keywords = {Data privacy, Data reuse, Federated learning, Human factors}
}

@article{Dwork2014ThePrivacy,
    title = {{The Algorithmic Foundations of Differential Privacy}},
    year = {2014},
    journal = {Foundations and Trends R in Theoretical Computer Science},
    author = {Dwork, Cynthia and Roth, Aaron},
    pages = {211--407},
    volume = {9},
    url = {https://dl.acm.org/doi/10.1561/0400000042},
    doi = {10.1561/0400000042}
}

@article{Rieke2020TheLearning,
    title = {{The future of digital health with federated learning}},
    year = {2020},
    journal = {npj Digital Medicine},
    author = {Rieke, Nicola and Hancox, Jonny and Li, Wenqi and Milletar{\`{i}}, Fausto and Roth, Holger R. and Albarqouni, Shadi and Bakas, Spyridon and Galtier, Mathieu N. and Landman, Bennett A. and Maier-Hein, Klaus and Ourselin, Sébastien and Sheller, Micah and Summers, Ronald M. and Trask, Andrew and Xu, Daguang and Baust, Maximilian and Cardoso, M. Jorge},
    number = {1},
    month = {12},
    pages = {1--7},
    volume = {3},
    publisher = {Nature Research},
    url = {https://doi.org/10.1038/s41746-020-00323-1},
    doi = {10.1038/s41746-020-00323-1},
    issn = {23986352},
    arxivId = {2003.08119},
    keywords = {Medical imaging, Medical research}
}

@article{Antonelli2021TheDecathlon,
    title = {{The Medical Segmentation Decathlon}},
    year = {2021},
    journal = {arXiv arXiv:2106.05735},
    author = {Antonelli, Michela and Reinke, Annika and Bakas, Spyridon and Farahani, Keyvan and {AnnetteKopp-Schneider} and Landman, Bennett A. and Litjens, Geert and Menze, Bjoern and Ronneberger, Olaf and Summers, Ronald M. and van Ginneken, Bram and Bilello, Michel and Bilic, Patrick and Christ, Patrick F. and Do, Richard K. G. and Gollub, Marc J. and Heckers, Stephan H. and Huisman, Henkjan and Jarnagin, William R. and McHugo, Maureen K. and Napel, Sandy and Pernicka, Jennifer S. Goli and Rhode, Kawal and Tobon-Gomez, Catalina and Vorontsov, Eugene and Huisman, Henkjan and Meakin, James A. and Ourselin, Sebastien and Wiesenfarth, Manuel and Arbelaez, Pablo and Bae, Byeonguk and Chen, Sihong and Daza, Laura and Feng, Jianjiang and He, Baochun and Isensee, Fabian and Ji, Yuanfeng and Jia, Fucang and Kim, Namkug and Kim, Ildoo and Merhof, Dorit and Pai, Akshay and Park, Beomhee and Perslev, Mathias and Rezaiifar, Ramin and Rippel, Oliver and Sarasua, Ignacio and Shen, Wei and Son, Jaemin and Wachinger, Christian and Wang, Liansheng and Wang, Yan and Xia, Yingda and Xu, Daguang and Xu, Zhanwei and Zheng, Yefeng and Simpson, Amber L. and Maier-Hein, Lena and Cardoso, M. Jorge},
    month = {6},
    url = {http://arxiv.org/abs/2106.05735 http://medicaldecathlon.com/},
    arxivId = {2106.05735},
    keywords = {Deep learning, Grand challenge, Image segmentation, Medical image}
}

@article{Menze2015TheBRATS,
    title = {{The Multimodal Brain Tumor Image Segmentation Benchmark (BRATS)}},
    year = {2015},
    journal = {IEEE Transactions on Medical Imaging},
    author = {Menze, Bjoern H. and Jakab, Andras and Bauer, Stefan and Kalpathy-Cramer, Jayashree and Farahani, Keyvan and Kirby, Justin and Burren, Yuliya and Porz, Nicole and Slotboom, Johannes and Wiest, Roland and Lanczi, Levente and Gerstner, Elizabeth and Weber, Marc André and Arbel, Tal and Avants, Brian B. and Ayache, Nicholas and Buendia, Patricia and Collins, D. Louis and Cordier, Nicolas and Corso, Jason J. and Criminisi, Antonio and Das, Tilak and Delingette, Hervé and Demiralp, Çağatay and Durst, Christopher R. and Dojat, Michel and Doyle, Senan and Festa, Joana and Forbes, Florence and Geremia, Ezequiel and Glocker, Ben and Golland, Polina and Guo, Xiaotao and Hamamci, Andac and Iftekharuddin, Khan M. and Jena, Raj and John, Nigel M. and Konukoglu, Ender and Lashkari, Danial and Mariz, José António and Meier, Raphael and Pereira, Sérgio and Precup, Doina and Price, Stephen J. and Raviv, Tammy Riklin and Reza, Syed M.S. and Ryan, Michael and Sarikaya, Duygu and Schwartz, Lawrence and Shin, Hoo Chang and Shotton, Jamie and Silva, Carlos A. and Sousa, Nuno and Subbanna, Nagesh K. and Szekely, Gabor and Taylor, Thomas J. and Thomas, Owen M. and Tustison, Nicholas J. and Unal, Gozde and Vasseur, Flor and Wintermark, Max and Ye, Dong Hye and Zhao, Liang and Zhao, Binsheng and Zikic, Darko and Prastawa, Marcel and Reyes, Mauricio and Van Leemput, Koen},
    number = {10},
    month = {10},
    pages = {1993--2024},
    volume = {34},
    publisher = {Institute of Electrical and Electronics Engineers Inc.},
    doi = {10.1109/TMI.2014.2377694},
    issn = {1558254X},
    pmid = {25494501},
    keywords = {Benchmark, Brain, Image segmentation, MRI, Oncology/tumor}
}

@book{Vapnik1995TheTheory,
    title = {{The nature of statistical learning theory}},
    year = {1995},
    author = {Vapnik, Vladimir Naumovich.},
    pages = {188},
    publisher = {Springer-Verlag},
    address = {Berlin},
    isbn = {0-387-94559-8}
}

@article{Qian2021ThePost-COVID-19,
    title = {{The value of federated learning during and post-COVID-19}},
    year = {2021},
    journal = {International journal for quality in health care : journal of the International Society for Quality in Health Care},
    author = {Qian, Feng and Zhang, Andrew},
    number = {1},
    month = {3},
    volume = {33},
    publisher = {NLM (Medline)},
    url = {https://pubmed.ncbi.nlm.nih.gov/33538778/},
    doi = {10.1093/intqhc/mzab010},
    issn = {14643677},
    pmid = {33538778},
    keywords = {data privacy, federated learning (FL), healthcare applications, machine learning (ML), value}
}

@inproceedings{Ronneberger2015U-net:Segmentation,
    title = {{U-net: Convolutional networks for biomedical image segmentation}},
    year = {2015},
    booktitle = {Lecture Notes in Computer Science (including subseries Lecture Notes in Artificial Intelligence and Lecture Notes in Bioinformatics)},
    author = {Ronneberger, Olaf and Fischer, Philipp and Brox, Thomas},
    pages = {234--241},
    volume = {9351},
    isbn = {9783319245737},
    doi = {10.1007/978-3-319-24574-4{\_}28},
    issn = {16113349},
    arxivId = {1505.04597}
}

@article{Moncada-Torres2020VANTAGE6:EXchange.,
    title = {{VANTAGE6: an open source priVAcy preserviNg federaTed leArninG infrastructurE for Secure Insight eXchange.}},
    year = {2020},
    journal = {AMIA ... Annual Symposium proceedings. AMIA Symposium},
    author = {Moncada-Torres, Arturo and Martin, Frank and Sieswerda, Melle and Van Soest, Johan and Geleijnse, Gijs},
    pages = {870--877},
    volume = {2020},
    publisher = {American Medical Informatics Association},
    url = {http://www.ncbi.nlm.nih.gov/pubmed/33936462 http://www.pubmedcentral.nih.gov/articlerender.fcgi?artid=PMC8075508},
    issn = {1942-597X},
    pmid = {33936462}
}

@article{Yan2020Variation-AwareData,
    title = {{Variation-Aware Federated Learning with Multi-Source Decentralized Medical Image Data}},
    year = {2020},
    journal = {IEEE Journal of Biomedical and Health Informatics},
    author = {Yan, Zengqiang and Wicaksana, Jeffry and Wang, Zhiwei and Yang, Xin and Cheng, Kwang Ting},
    pages = {2615 - 2628},
    volume = {25},
    publisher = {Institute of Electrical and Electronics Engineers Inc.},
    doi = {10.1109/JBHI.2020.3040015},
    issn = {21682208},
    pmid = {33232246},
    keywords = {Biomedical imaging, Complexity theory, Federated learning, Privacy, Servers, Task analysis, Training, Training data, cross-client variation, medical image analysis, prostate cancer classification}
}

@inproceedings{Grimberg2020WeightLearning,
    title = {{Weight Erosion: An Update Aggregation Scheme for Personalized Collaborative Machine Learning}},
    year = {2020},
    booktitle = {Domain Adaptation and Representation Transfer, and Distributed and Collaborative Learning},
    author = {Grimberg, Felix and Hartley, Mary Anne and Jaggi, Martin and Karimireddy, Sai Praneeth},
    pages = {160--169},
    volume = {12444 LNCS},
    publisher = {Springer Science and Business Media Deutschland GmbH},
    isbn = {9783030605476},
    doi = {10.1007/978-3-030-60548-3{\_}16},
    issn = {16113349}
}